<record><leader>00000cas a2200000 i 4500</leader><controlfield tag="001">964628528</controlfield><controlfield tag="006">m     o  d        </controlfield><controlfield tag="007">cr |||||||||||</controlfield><controlfield tag="008">161130d18801918ncuwr neo     0   a0eng  </controlfield><datafield ind1=" " ind2=" " tag="010"><subfield code="a">  2016271246</subfield></datafield><datafield ind1=" " ind2=" " tag="040"><subfield code="a">DLC</subfield><subfield code="b">eng</subfield><subfield code="e">rda</subfield><subfield code="c">DLC</subfield><subfield code="d">OCLCF</subfield><subfield code="d">OCLCA</subfield></datafield><datafield ind1="0" ind2=" " tag="022"><subfield code="a">2475-1669</subfield><subfield code="2">1</subfield></datafield><datafield ind1=" " ind2=" " tag="042"><subfield code="a">pcc</subfield><subfield code="a">nsdp</subfield></datafield><datafield ind1=" " ind2=" " tag="043"><subfield code="a">n-us-nc</subfield></datafield><datafield ind1="1" ind2="0" tag="050"><subfield code="a">ISSN RECORD</subfield></datafield><datafield ind1="1" ind2="0" tag="082"><subfield code="a">071</subfield><subfield code="2">23</subfield></datafield><datafield ind1="0" ind2=" " tag="130"><subfield code="a">Orange County observer (Hillsboro, N.C.)</subfield></datafield><datafield ind1=" " ind2="0" tag="222"><subfield code="a">Orange County observer</subfield><subfield code="b">(Hillsboro, N.C. Online)</subfield></datafield><datafield ind1="1" ind2="0" tag="245"><subfield code="a">Orange County observer.</subfield></datafield><datafield ind1=" " ind2="1" tag="264"><subfield code="3">&lt;Oct. 23, 1880&gt;-&lt;Dec. 25, 1880&gt;:</subfield><subfield code="a">Hillsborough, N. C. :</subfield><subfield code="b">Joseph A. Harris, R. C. Strudwick</subfield></datafield><datafield ind1=" " ind2="1" tag="264"><subfield code="3">&lt;Jan. 29, 1881&gt;- :</subfield><subfield code="a">Hillsborough, N.C. :</subfield><subfield code="b">Joseph A. Harris</subfield></datafield><datafield ind1=" " ind2="1" tag="264"><subfield code="3">&lt;Mar. 18, 1915&gt;- :</subfield><subfield code="a">Hillsboro, N.C. :</subfield><subfield code="b">John T. Johnston</subfield></datafield><datafield ind1=" " ind2="1" tag="264"><subfield code="3">&lt;July 26, 1917&gt;- :</subfield><subfield code="a">Hillsboro, N.C. :</subfield><subfield code="b">P.H. Elkins</subfield></datafield><datafield ind1=" " ind2=" " tag="300"><subfield code="a">1 online resource</subfield></datafield><datafield ind1=" " ind2=" " tag="310"><subfield code="a">Weekly</subfield></datafield><datafield ind1=" " ind2=" " tag="336"><subfield code="a">text</subfield><subfield code="b">txt</subfield><subfield code="2">rdacontent</subfield></datafield><datafield ind1=" " ind2=" " tag="337"><subfield code="a">computer</subfield><subfield code="b">c</subfield><subfield code="2">rdamedia</subfield></datafield><datafield ind1=" " ind2=" " tag="338"><subfield code="a">online resource</subfield><subfield code="b">cr</subfield><subfield code="2">rdacarrier</subfield></datafield><datafield ind1="1" ind2=" " tag="362"><subfield code="a">Began in 1880. Ceased in 1918?</subfield></datafield><datafield ind1=" " ind2=" " tag="515"><subfield code="a">New ser. v. 8, no. 48 skipped in enumeration; n.s. v. 10, no. 51-52 skipped in enumeration.</subfield></datafield><datafield ind1=" " ind2=" " tag="515"><subfield code="a">Two issues called n.s. v. 9, no. 28, Apr. 12, 1890 and Apr. 19, 1890.</subfield></datafield><datafield ind1=" " ind2=" " tag="515"><subfield code="a">New ser. v. 10, no. 24, Apr. 4, 1891, misdated as Mar. 4, 1891 in masthead; n.s. v. 15, no. 2 Dec. 7, 1895, misdated as Nov. 7, 1895 in masthead.</subfield></datafield><datafield ind1=" " ind2=" " tag="500"><subfield code="a">Some issues have "Supplement".</subfield></datafield><datafield ind1=" " ind2=" " tag="500"><subfield code="a">Democratic.</subfield></datafield><datafield ind1=" " ind2=" " tag="588"><subfield code="a">Description based on: New Series.-Vol. I.-No. 3. (October 23, 1880); title from masthead (Chroniclingamerica.loc.gov, viewed November 30, 2016).</subfield></datafield><datafield ind1=" " ind2=" " tag="588"><subfield code="a">Latest issue consulted: New Series Vol. XXVIII, No 17 (May 11, 1916) (Chroniclingamerica.loc.gov, viewed November 30, 2016).</subfield></datafield><datafield ind1=" " ind2="0" tag="651"><subfield code="a">Orange County (N.C.)</subfield><subfield code="v">Newspapers.</subfield></datafield><datafield ind1=" " ind2="0" tag="651"><subfield code="a">Hillsborough (N.C.)</subfield><subfield code="v">Newspapers.</subfield></datafield><datafield ind1=" " ind2="0" tag="651"><subfield code="a">North Carolina</subfield><subfield code="v">Newspapers.</subfield></datafield><datafield ind1=" " ind2="7" tag="655"><subfield code="a">Newspapers.</subfield><subfield code="2">fast</subfield><subfield code="0">(OCoLC)fst01423814</subfield></datafield><datafield ind1=" " ind2="7" tag="651"><subfield code="a">North Carolina.</subfield><subfield code="2">fast</subfield><subfield code="0">(OCoLC)fst01204304</subfield></datafield><datafield ind1=" " ind2="7" tag="651"><subfield code="a">North Carolina</subfield><subfield code="z">Hillsborough.</subfield><subfield code="2">fast</subfield><subfield code="0">(OCoLC)fst01220745</subfield></datafield><datafield ind1=" " ind2="7" tag="651"><subfield code="a">North Carolina</subfield><subfield code="z">Orange County.</subfield><subfield code="2">fast</subfield><subfield code="0">(OCoLC)fst01220945</subfield></datafield><datafield ind1=" " ind2=" " tag="752"><subfield code="a">United States</subfield><subfield code="b">North Carolina</subfield><subfield code="c">Orange</subfield><subfield code="d">Hillsborough.</subfield></datafield><datafield ind1="0" ind2="8" tag="776"><subfield code="i">Originally issued in print:</subfield><subfield code="t">Orange County observer (Hillsboro, N.C.)</subfield><subfield code="x">2475-1650</subfield><subfield code="w">(DLC)sn 85042052</subfield><subfield code="w">(OCoLC)11716080</subfield></datafield><datafield ind1="0" ind2="0" tag="780"><subfield code="t">Southern mail</subfield></datafield><datafield ind1="4" ind2="0" tag="856"><subfield code="u">http://chroniclingamerica.loc.gov/lccn/sn85042052/issues/</subfield></datafield></record>